@article{dyson1970correlations,
  title={Correlations between eigenvalues of a random matrix},
  author={Dyson, Freeman J},
  journal={Communications in Mathematical Physics},
  volume={19},
  number={3},
  pages={235--250},
  year={1970},
  publisher={Springer}
}
